<?xml version="1.0" encoding="UTF-8"?><collection xmlns="http://www.loc.gov/MARC21/slim"><record><leader>00368nam--2200133-i-4500</leader><controlfield tag="001">000031986</controlfield><controlfield tag="002">20161230</controlfield><controlfield tag="005">20161230201038</controlfield><controlfield tag="008">060222s1000------------r-----000-0-eng-d</controlfield><datafield ind1=" " ind2=" " tag="100"><subfield code="a">Merlin, E</subfield></datafield><datafield ind1=" " ind2=" " tag="245"><subfield code="a">Somville, o</subfield></datafield><datafield ind1=" " ind2=" " tag="260"><subfield code="a">Liste Des Observatoires Magnetiques Et Des Observatoires Seismologiques</subfield></datafield><datafield ind1=" " ind2=" " tag="490"><subfield code="a">Bruxelles, Hayez, 1910. X + 192p</subfield></datafield><datafield ind1=" " ind2=" " tag="852"><subfield code="a">550.34(493)</subfield></datafield></record></collection>